@book{pmbok,
  author = "Project Management Institute",
  title = "Um Guia Do Conhecimento Em Gerenciamento de Projetos (Guia Pmbok)",
  edition = "5",
  year = "2013"
}

@article{gqm,
  author = "Victor R. Basili, H. Dieter Rombach",
  title = "Goal Question Metric Paradigm",
  year = "1994",
  URL = "https://www.cs.umd.edu/~basili/publications/technical/T89.pdf"
}

@book{kan,
  author = "Stephen H. Kan",
  title = "Metrics and Models in Software Quality Engineering",
  year = "2002",
}

@article{productivity,
  author = "Dustin Barnes",
  title = "The Myth of Developer Productivity",
  year = "2015",
  url = "https://dev9.com/blog-posts/2015/1/the-myth-of-developer-productivity"

}